@article{mogstad2018using,
  title={Using instrumental variables for inference about policy relevant treatment parameters},
  author={Mogstad, Magne and Santos, Andres and Torgovitsky, Alexander},
  journal={Econometrica},
  volume={86},
  number={5},
  pages={1589--1619},
  year={2018},
  publisher={Wiley Online Library}
}

@article{shea2023ivmte,
  title={ivmte: An R Package for Extrapolating Instrumental Variable Estimates Away From Compliers},
  author={Shea, Joshua and Torgovitsky, Alexander},
  journal={Observational Studies},
  volume={9},
  number={2},
  pages={1--42},
  year={2023},
  publisher={University of Pennsylvania Press}
}

@techreport{mogstad2017using_nber,
  title={Using Instrumental Variables for Inference about Policy Relevant Treatment Effects},
  author={Mogstad, Magne and Santos, Andres and Torgovitsky, Alexander},
  year={2017},
  institution={National Bureau of Economic Research}
}

@article{andrews2009invalidity,
  title={Invalidity of the bootstrap and the m out of n bootstrap for confidence interval endpoints defined by moment inequalities},
  author={Andrews, Donald WK and Han, Sukjin},
  journal={The Econometrics Journal},
  volume={12},
  pages={S172--S199},
  year={2009},
  publisher={Oxford University Press Oxford, UK}
}

@article{imbens2004confidence,
  title={Confidence intervals for partially identified parameters},
  author={Imbens, Guido W and Manski, Charles F},
  journal={Econometrica},
  volume={72},
  number={6},
  pages={1845--1857},
  year={2004},
  publisher={Wiley Online Library}
}

@article{bei2023inference,
  title={Inference on Union Bounds with Applications to DiD, RDD, Bunching, and Structural Counterfactuals},
  author={Bei, Xinyue},
  year={2023},
  journal={Working Paper},
}

@article{marx2024sharp,
  title={Sharp bounds in the latent index selection model},
  author={Marx, Philip},
  journal={Journal of Econometrics},
  volume={238},
  number={2},
  pages={105561},
  year={2024},
  publisher={Elsevier}
}


@article{han2024computational,
  title={A computational approach to identification of treatment effects for policy evaluation},
  author={Han, Sukjin and Yang, Shenshen},
  journal={Journal of Econometrics},
  volume={240},
  number={1},
  pages={105680},
  year={2024},
  publisher={Elsevier}
}

@article{fang2023inference,
  title={Inference for Large-Scale Linear Systems With Known Coefficients},
  author={Fang, Zheng and Santos, Andres and Shaikh, Azeem M and Torgovitsky, Alexander},
  journal={Econometrica},
  volume={91},
  number={1},
  pages={299--327},
  year={2023},
  publisher={Wiley Online Library}
}

@article{ye2023negative,
  title={A negative correlation strategy for bracketing in difference-in-differences},
  author={Ye, Ting and Keele, Luke and Hasegawa, Raiden and Small, Dylan S},
  journal={Journal of the American Statistical Association},
  pages={1--13},
  year={2023},
  publisher={Taylor \& Francis}
}

@article{kaido2019confidence,
  title={Confidence intervals for projections of partially identified parameters},
  author={Kaido, Hiroaki and Molinari, Francesca and Stoye, J{\"o}rg},
  journal={Econometrica},
  volume={87},
  number={4},
  pages={1397--1432},
  year={2019},
  publisher={Wiley Online Library}
}

@article{poirier2024quantifying,
  title={Quantifying the Internal Validity of Weighted Estimands},
  author={Poirier, Alexandre and S{\l}oczy{\'n}ski, Tymon},
  journal={arXiv preprint arXiv:2404.14603},
  year={2024}
}

@article{hong2018numerical,
  title={The numerical delta method},
  author={Hong, Han and Li, Jessie},
  journal={Journal of Econometrics},
  volume={206},
  number={2},
  pages={379--394},
  year={2018},
  publisher={Elsevier}
}

@article{fang2019inference,
  title={Inference on directionally differentiable functions},
  author={Fang, Zheng and Santos, Andres},
  journal={The Review of Economic Studies},
  volume={86},
  number={1},
  pages={377--412},
  year={2019},
  publisher={Oxford University Press}
}

@article{imbens_angrist1994ecma,
 ISSN = {00129682, 14680262},
 URL = {http://www.jstor.org/stable/2951620},
 author = {Guido W. Imbens and Joshua D. Angrist},
 journal = {Econometrica},
 number = {2},
 pages = {467--475},
 publisher = {[Wiley, Econometric Society]},
 title = {Identification and Estimation of Local Average Treatment Effects},
 urldate = {2024-10-10},
 volume = {62},
 year = {1994}
}


@article{vytlacil2002independence,
  title={Independence, monotonicity, and latent index models: An equivalence result},
  author={Vytlacil, Edward},
  journal={Econometrica},
  volume={70},
  number={1},
  pages={331--341},
  year={2002},
  publisher={JSTOR}
}

@article{andrews1999estimation,
  title={Estimation when a parameter is on a boundary},
  author={Andrews, Donald WK},
  journal={Econometrica},
  volume={67},
  number={6},
  pages={1341--1383},
  year={1999},
  publisher={Wiley Online Library}
}
