@article{mogstad2018using,
  title     = {Using instrumental variables for inference about policy relevant treatment parameters},
  author    = {Mogstad, Magne and Santos, Andres and Torgovitsky, Alexander},
  journal   = {Econometrica},
  volume    = {86},
  number    = {5},
  pages     = {1589--1619},
  year      = {2018},
  publisher = {Wiley Online Library}
}

@article{shea2023ivmte,
  title     = {ivmte: An R Package for Extrapolating Instrumental Variable Estimates Away From Compliers},
  author    = {Shea, Joshua and Torgovitsky, Alexander},
  journal   = {Observational Studies},
  volume    = {9},
  number    = {2},
  pages     = {1--42},
  year      = {2023},
  publisher = {University of Pennsylvania Press}
}

@techreport{mogstad2017using_nber,
  title       = {Using Instrumental Variables for Inference about Policy Relevant Treatment Effects},
  author      = {Mogstad, Magne and Santos, Andres and Torgovitsky, Alexander},
  year        = {2017},
  institution = {National Bureau of Economic Research}
}

@article{andrews2009invalidity,
  title     = {Invalidity of the bootstrap and the m out of n bootstrap for confidence interval endpoints defined by moment inequalities},
  author    = {Andrews, Donald WK and Han, Sukjin},
  journal   = {The Econometrics Journal},
  volume    = {12},
  pages     = {S172--S199},
  year      = {2009},
  publisher = {Oxford University Press Oxford, UK}
}

@article{imbens2004confidence,
  title     = {Confidence intervals for partially identified parameters},
  author    = {Imbens, Guido W and Manski, Charles F},
  journal   = {Econometrica},
  volume    = {72},
  number    = {6},
  pages     = {1845--1857},
  year      = {2004},
  publisher = {Wiley Online Library}
}

@article{bei2023inference,
  title   = {Inference on Union Bounds with Applications to DiD, RDD, Bunching, and Structural Counterfactuals},
  author  = {Bei, Xinyue},
  year    = {2023},
  journal = {Working Paper}
}

@article{marx2024sharp,
  title     = {Sharp bounds in the latent index selection model},
  author    = {Marx, Philip},
  journal   = {Journal of Econometrics},
  volume    = {238},
  number    = {2},
  pages     = {105561},
  year      = {2024},
  publisher = {Elsevier}
}


@article{han2024computational,
  title     = {A computational approach to identification of treatment effects for policy evaluation},
  author    = {Han, Sukjin and Yang, Shenshen},
  journal   = {Journal of Econometrics},
  volume    = {240},
  number    = {1},
  pages     = {105680},
  year      = {2024},
  publisher = {Elsevier}
}

@article{fang2023inference,
  title     = {Inference for Large-Scale Linear Systems With Known Coefficients},
  author    = {Fang, Zheng and Santos, Andres and Shaikh, Azeem M and Torgovitsky, Alexander},
  journal   = {Econometrica},
  volume    = {91},
  number    = {1},
  pages     = {299--327},
  year      = {2023},
  publisher = {Wiley Online Library}
}

@article{ye2023negative,
  title     = {A negative correlation strategy for bracketing in difference-in-differences},
  author    = {Ye, Ting and Keele, Luke and Hasegawa, Raiden and Small, Dylan S},
  journal   = {Journal of the American Statistical Association},
  pages     = {1--13},
  year      = {2023},
  publisher = {Taylor \& Francis}
}

@article{kaido2019confidence,
  title     = {Confidence intervals for projections of partially identified parameters},
  author    = {Kaido, Hiroaki and Molinari, Francesca and Stoye, J{\"o}rg},
  journal   = {Econometrica},
  volume    = {87},
  number    = {4},
  pages     = {1397--1432},
  year      = {2019},
  publisher = {Wiley Online Library}
}

@article{poirier2024quantifying,
  title   = {Quantifying the Internal Validity of Weighted Estimands},
  author  = {Poirier, Alexandre and S{\l}oczy{\'n}ski, Tymon},
  journal = {arXiv preprint arXiv:2404.14603},
  year    = {2024}
}

@article{hong2018numerical,
  title     = {The numerical delta method},
  author    = {Hong, Han and Li, Jessie},
  journal   = {Journal of Econometrics},
  volume    = {206},
  number    = {2},
  pages     = {379--394},
  year      = {2018},
  publisher = {Elsevier}
}

@article{fang2019infdirdiff,
  title     = {Inference on directionally differentiable functions},
  author    = {Fang, Zheng and Santos, Andres},
  journal   = {The Review of Economic Studies},
  volume    = {86},
  number    = {1},
  pages     = {377--412},
  year      = {2019},
  publisher = {Oxford University Press}
}

@article{imbens_angrist1994ecma,
  issn      = {00129682, 14680262},
  url       = {http://www.jstor.org/stable/2951620},
  author    = {Guido W. Imbens and Joshua D. Angrist},
  journal   = {Econometrica},
  number    = {2},
  pages     = {467--475},
  publisher = {[Wiley, Econometric Society]},
  title     = {Identification and Estimation of Local Average Treatment Effects},
  urldate   = {2024-10-10},
  volume    = {62},
  year      = {1994}
}


@article{vytlacil2002independence,
  title     = {Independence, monotonicity, and latent index models: An equivalence result},
  author    = {Vytlacil, Edward},
  journal   = {Econometrica},
  volume    = {70},
  number    = {1},
  pages     = {331--341},
  year      = {2002},
  publisher = {JSTOR}
}


@article{andrews1999estimation,
  title     = {Estimation when a parameter is on a boundary},
  author    = {Andrews, Donald WK},
  journal   = {Econometrica},
  volume    = {67},
  number    = {6},
  pages     = {1341--1383},
  year      = {1999},
  publisher = {Wiley Online Library}
}


@article{dumbgen1993nondifferentiable,
  title     = {On nondifferentiable functions and the bootstrap},
  author    = {D{\"u}mbgen, Lutz},
  journal   = {Probability Theory and Related Fields},
  volume    = {95},
  pages     = {125--140},
  year      = {1993},
  publisher = {Springer}
}


@techreport{dutz2021selection,
  title       = {Selection in surveys: Using randomized incentives to detect and account for nonresponse bias},
  author      = {Dutz, Deniz and Huitfeldt, Ingrid and Lacouture, Santiago and Mogstad, Magne and Torgovitsky, Alexander and Van Dijk, Winnie},
  year        = {2021},
  institution = {National Bureau of Economic Research}
}


@article{andrews2010asymptotic,
  title     = {Asymptotic size and a problem with subsampling and with the m out of n bootstrap},
  author    = {Andrews, Donald WK and Guggenberger, Patrik},
  journal   = {Econometric Theory},
  volume    = {26},
  number    = {2},
  pages     = {426--468},
  year      = {2010},
  publisher = {Cambridge University Press}
}

@article{andrews2010applications,
  title     = {Applications of subsampling, hybrid, and size-correction methods},
  author    = {Andrews, Donald WK and Guggenberger, Patrik},
  journal   = {Journal of Econometrics},
  volume    = {158},
  number    = {2},
  pages     = {285--305},
  year      = {2010},
  publisher = {Elsevier}
}

@article{andrews2000inconsistency,
  title     = {Inconsistency of the bootstrap when a parameter is on the boundary of the parameter space},
  author    = {Andrews, Donald WK},
  journal   = {Econometrica},
  pages     = {399--405},
  year      = {2000},
  publisher = {JSTOR}
}

@article{shapiro1991asymptotic,
  title     = {Asymptotic analysis of stochastic programs},
  author    = {Shapiro, Alexander},
  journal   = {Annals of Operations Research},
  volume    = {30},
  pages     = {169--186},
  year      = {1991},
  publisher = {Springer}
}


@unpublished{Gabler2024,
  title  = {optimagic: A library for nonlinear optimization},
  author = {Janos Gabler},
  year   = {2022},
  url    = {https://github.com/optimagic-dev/optimagic},
  note   = {Unpublished}
}

@article{scipy,
  author  = {Virtanen, Pauli and Gommers, Ralf and Oliphant, Travis E. and
             Haberland, Matt and Reddy, Tyler and Cournapeau, David and
             Burovski, Evgeni and Peterson, Pearu and Weckesser, Warren and
             Bright, Jonathan and {van der Walt}, St{\'e}fan J. and
             Brett, Matthew and Wilson, Joshua and Millman, K. Jarrod and
             Mayorov, Nikolay and Nelson, Andrew R. J. and Jones, Eric and
             Kern, Robert and Larson, Eric and Carey, C J and
             Polat, {\.I}lhan and Feng, Yu and Moore, Eric W. and
             {VanderPlas}, Jake and Laxalde, Denis and Perktold, Josef and
             Cimrman, Robert and Henriksen, Ian and Quintero, E. A. and
             Harris, Charles R. and Archibald, Anne M. and
             Ribeiro, Ant{\^o}nio H. and Pedregosa, Fabian and
             {van Mulbregt}, Paul and {SciPy 1.0 Contributors}},
  title   = {{{SciPy} 1.0: Fundamental Algorithms for Scientific
             Computing in Python}},
  journal = {Nature Methods},
  year    = {2020},
  volume  = {17},
  pages   = {261--272},
  adsurl  = {https://rdcu.be/b08Wh},
  doi     = {10.1038/s41592-019-0686-2}
}

@book{cobyla_powell1994direct,
  title     = {A direct search optimization method that models the objective and constraint functions by linear interpolation},
  author    = {Powell, Michael JD},
  year      = {1994},
  publisher = {Springer}
}


@article{freyberger2015identification,
  title     = {Identification and shape restrictions in nonparametric instrumental variables estimation},
  author    = {Freyberger, Joachim and Horowitz, Joel L},
  journal   = {Journal of Econometrics},
  volume    = {189},
  number    = {1},
  pages     = {41--53},
  year      = {2015},
  publisher = {Elsevier}
}

@article{bhattacharya2009inferring,
  title     = {Inferring optimal peer assignment from experimental data},
  author    = {Bhattacharya, Debopam},
  journal   = {Journal of the American Statistical Association},
  volume    = {104},
  number    = {486},
  pages     = {486--500},
  year      = {2009},
  publisher = {Taylor \& Francis}
}

@article{de_wolf_smeers2021generalized,
  title     = {Generalized derivatives of the optimal value of a linear program with respect to matrix coefficients},
  author    = {De Wolf, Daniel and Smeers, Yves},
  journal   = {European Journal of Operational Research},
  volume    = {291},
  number    = {2},
  pages     = {491--496},
  year      = {2021},
  publisher = {Elsevier}
}
